@book{primero,
   title = "A Handbook for Scholars",
   author = "Aberdeen, Mary-Claire",
   publisher = "Knopf",
   year = "1979"
   }

@BOOK{segundo,
	    AUTHOR = "Baberdeen, R. M.",
	    TITLE = "Foo Bar Baz",
	    PUBLISHER = {MIT Press},
	    ADDRESS = {Cambridge, MA},
	    YEAR = 1989}

@ARTICLE{tercero,
   AUTHOR  = {Caberdeen, R. W.},
   TITLE   = {Interannual Variability of planet-encircling dust activity on {M}ars},  
   YEAR    = {1993},
   JOURNAL = jgr,
   VOLUME  = {98},
   NUMBER  = {E2},
   PAGES   = {3247--3259}
}

